<record><leader>00000cas a2200000 a 4500</leader><controlfield tag="001">5469223</controlfield><controlfield tag="008">791005c19789999ohuwr ne      0   a0eng d</controlfield><controlfield tag="009">467</controlfield><datafield ind1=" " ind2=" " tag="010"><subfield code="a">sn 79007403 </subfield></datafield><datafield ind1=" " ind2=" " tag="040"><subfield code="a">NSD</subfield><subfield code="b">eng</subfield><subfield code="c">NSD</subfield><subfield code="d">ONP</subfield><subfield code="d">OCL</subfield><subfield code="d">OCLCQ</subfield></datafield><datafield ind1=" " ind2=" " tag="012"><subfield code="k">1</subfield><subfield code="m">c</subfield></datafield><datafield ind1="1" ind2=" " tag="022"><subfield code="a">0194-3677</subfield><subfield code="l">0194-3677</subfield><subfield code="2">1</subfield></datafield><datafield ind1=" " ind2=" " tag="032"><subfield code="a">441250</subfield><subfield code="b">USPS</subfield></datafield><datafield ind1=" " ind2=" " tag="042"><subfield code="a">nsdp</subfield></datafield><datafield ind1=" " ind2="4" tag="222"><subfield code="a">The Solon times</subfield></datafield><datafield ind1="0" ind2="4" tag="245"><subfield code="a">The Solon times.</subfield></datafield><datafield ind1=" " ind2=" " tag="260"><subfield code="a">Chagrin Falls, Ohio :</subfield><subfield code="b">The Solon Pub. Co.,</subfield><subfield code="c">1978-</subfield></datafield><datafield ind1=" " ind2=" " tag="300"><subfield code="a">v.</subfield></datafield><datafield ind1=" " ind2=" " tag="310"><subfield code="a">Weekly</subfield></datafield><datafield ind1="0" ind2=" " tag="362"><subfield code="a">Vol. 1, no. 1 (Aug. 3, 1978)-</subfield></datafield><datafield ind1=" " ind2=" " tag="580"><subfield code="a">Complemented by: Currents (Chagrin Falls, Ohio).</subfield></datafield><datafield ind1=" " ind2=" " tag="752"><subfield code="a">United States</subfield><subfield code="b">Ohio</subfield><subfield code="c">Cuyahoga</subfield><subfield code="d">Chagrin Falls.</subfield></datafield><datafield ind1="1" ind2=" " tag="787"><subfield code="t">Currents (Chagrin Falls, Ohio)</subfield><subfield code="w">(DLC)sn 90068290</subfield></datafield></record>